ticker,dimension,calendardate,datekey,reportperiod,lastupdated,accoci,assets,assetsavg,assetsc,assetsnc,assetturnover,bvps,capex,cashneq,cashnequsd,cor,consolinc,currentratio,de,debt,debtc,debtnc,debtusd,deferredrev,depamor,deposits,divyield,dps,ebit,ebitda,ebitdamargin,ebitdausd,ebitusd,ebt,eps,epsdil,epsusd,equity,equityavg,equityusd,ev,evebit,evebitda,fcf,fcfps,fxusd,gp,grossmargin,intangibles,intexp,invcap,invcapavg,inventory,investments,investmentsc,investmentsnc,liabilities,liabilitiesc,liabilitiesnc,marketcap,ncf,ncfbus,ncfcommon,ncfdebt,ncfdiv,ncff,ncfi,ncfinv,ncfo,ncfx,netinc,netinccmn,netinccmnusd,netincdis,netincnci,netmargin,opex,opinc,payables,payoutratio,pb,pe,pe1,ppnenet,prefdivis,price,ps,ps1,receivables,retearn,revenue,revenueusd,rnd,roa,roe,roic,ros,sbcomp,sgna,sharefactor,sharesbas,shareswa,shareswadil,sps,tangibles,taxassets,taxexp,taxliabilities,tbvps,workingcapital
CNVR,ART,2008-03-31,2008-05-09,2008-03-31,2017-06-07,9073000.0,903244000.0,907827250.0,298389000.0,604855000.0,0.732,7.1370000000000005,-9156000.0,97860000.0,97860000.0,212667000.0,71145000.0,2.438,0.295,0.0,0.0,0.0,0.0,2035000.0,37835000.0,0.0,0.0,0.0,123014000.0,160849000.0,0.242,160849000.0,123014000.0,123014000.0,0.72,0.71,0.72,697481000.0,699350500.0,697481000.0,1735034367.0,14.0,10.787,134852000.0,1.38,1.0,452059000.0,0.68,546775000.0,0.0,136217000.0,213866250.0,1650000.0,97195000.0,66351000.0,30844000.0,205763000.0,122392000.0,83371000.0,1832894367.0,19820000.0,-203109000.0,-71989000.0,0.0,0.0,-69151000.0,-55789000.0,156476000.0,144008000.0,752000.0,71145000.0,71145000.0,71145000.0,0.0,0.0,0.107,341210000.0,110849000.0,110023000.0,0.0,2.628,25.763,26.75,18484000.0,0.0,19.26,2.757,2.8310000000000004,118159000.0,42292000.0,664726000.0,664726000.0,36995000.0,0.078,0.102,0.575,0.185,20355000.0,276277000.0,1.0,95165855.0,97722000.0,98557000.0,6.8020000000000005,356469000.0,15372000.0,51869000.0,90451000.0,3.648,175997000.0
CNVR,ART,2008-06-30,2008-08-08,2008-06-30,2017-06-07,8627000.0,899902000.0,917338250.0,300393000.0,599509000.0,0.741,7.407999999999999,-10558000.0,101274000.0,101274000.0,215312000.0,70006000.0,2.682,0.274,0.0,0.0,0.0,0.0,1592000.0,40353000.0,0.0,0.0,0.0,122899000.0,163252000.0,0.24,163252000.0,122899000.0,122899000.0,0.71,0.72,0.71,706467000.0,700112500.0,706467000.0,1032338679.0,8.0,6.324,118502000.0,1.243,1.0,464569000.0,0.6829999999999999,538854000.0,0.0,147785000.0,169759250.0,1743000.0,89828000.0,59478000.0,30350000.0,193435000.0,111989000.0,81446000.0,1133612679.0,11538000.0,-207545000.0,-91083000.0,0.0,0.0,-90080000.0,-27642000.0,190461000.0,129060000.0,200000.0,70006000.0,70006000.0,70006000.0,0.0,0.0,0.103,351873000.0,112696000.0,108429000.0,0.0,1.605,16.192999999999998,18.437,19000000.0,0.0,13.09,1.6669999999999998,1.836,111739000.0,49474000.0,679881000.0,679881000.0,38424000.0,0.076,0.1,0.7240000000000001,0.181,20928000.0,283202000.0,1.0,86601427.0,95364000.0,96133000.0,7.129,361048000.0,28910000.0,52893000.0,82936000.0,3.786,188404000.0
CNVR,ART,2008-09-30,2008-11-10,2008-09-30,2017-06-07,-461000.0,800414000.0,903645500.0,218786000.0,581628000.0,0.748,6.9510000000000005,-11099000.0,86718000.0,86718000.0,218580000.0,55174000.0,2.082,0.28600000000000003,0.0,0.0,0.0,0.0,1441000.0,40900000.0,0.0,0.0,0.0,82336000.0,123236000.0,0.182,123236000.0,82336000.0,82336000.0,0.57,0.58,0.57,622259000.0,684035000.0,622259000.0,452866844.0,5.0,3.675,131725000.0,1.471,1.0,457309000.0,0.677,527444000.0,0.0,81167000.0,130428500.0,1736000.0,32501000.0,2151000.0,30350000.0,178155000.0,105085000.0,73070000.0,539584844.0,20386000.0,-109435000.0,-146726000.0,0.0,0.0,-146100000.0,27767000.0,148301000.0,142824000.0,-4105000.0,55174000.0,55174000.0,55174000.0,0.0,0.0,0.08199999999999999,381867000.0,75442000.0,103318000.0,0.0,0.867,9.78,10.912,18123000.0,0.0,6.22,0.7979999999999999,0.8240000000000001,102927000.0,15731000.0,675889000.0,675889000.0,42075000.0,0.061,0.081,0.631,0.122,55906000.0,309132000.0,1.0,86749975.0,89520000.0,89902000.0,7.55,272970000.0,22867000.0,27162000.0,72944000.0,3.049,113701000.0
CNVR,ART,2008-12-31,2009-03-02,2008-12-31,2017-06-07,-17715000.0,603279000.0,801709750.0,253788000.0,349491000.0,0.7809999999999999,4.077,-7227000.0,122487000.0,122487000.0,204052000.0,-214112000.0,1.4369999999999998,0.7070000000000001,0.0,0.0,0.0,0.0,1461000.0,39264000.0,0.0,0.0,0.0,-241083000.0,-201819000.0,-0.322,-201819000.0,-241083000.0,-241083000.0,-2.32,-2.32,-2.32,353479000.0,594921500.0,353479000.0,382410594.0,-1.0,-1.895,123674000.0,1.34,1.0,421754000.0,0.674,252625000.0,0.0,51562000.0,104182750.0,0.0,27925000.0,2175000.0,25750000.0,249800000.0,176605000.0,73195000.0,504897594.0,39720000.0,-93673000.0,-149437000.0,0.0,0.0,-148838000.0,67411000.0,168311000.0,130901000.0,-9754000.0,-214112000.0,-214112000.0,-214112000.0,-4376000.0,0.0,-0.342,669386000.0,-247632000.0,173407000.0,0.0,1.4280000000000002,-2.358,-2.509,15514000.0,0.0,5.82,0.807,0.8590000000000001,108611000.0,-236036000.0,625806000.0,625806000.0,39278000.0,-0.267,-0.36,-2.314,-0.385,53219000.0,279226000.0,1.0,86752164.0,92325000.0,92325000.0,6.778,350654000.0,69021000.0,-26971000.0,74932000.0,4.045,77183000.0
CNVR,ART,2009-03-31,2009-05-11,2009-03-31,2017-06-07,-20320000.0,548125000.0,712930000.0,207746000.0,340379000.0,0.82,4.237,-6414000.0,104488000.0,104488000.0,192886000.0,-220062000.0,1.96,0.49,0.0,0.0,0.0,0.0,2066000.0,37368000.0,0.0,0.0,0.0,-250451000.0,-213083000.0,-0.364,-213083000.0,-250451000.0,-250451000.0,-2.37,-2.36,-2.37,367850000.0,512513750.0,367850000.0,794765566.0,-3.0,-3.73,115306000.0,1.328,1.0,391927000.0,0.67,244903000.0,0.0,92768000.0,93320500.0,0.0,25750000.0,0.0,25750000.0,180275000.0,105966000.0,74309000.0,899253566.0,6628000.0,-53452000.0,-111030000.0,0.0,0.0,-110460000.0,6402000.0,66268000.0,121720000.0,-11034000.0,-220062000.0,-220062000.0,-220062000.0,-4376000.0,0.0,-0.376,645710000.0,-253783000.0,99890000.0,0.0,2.445,-4.086,-4.363,13999000.0,0.0,10.34,1.538,1.535,86959000.0,-222819000.0,584813000.0,584813000.0,36981000.0,-0.309,-0.429,-2.684,-0.428,50032000.0,259355000.0,1.0,86968430.0,86825000.0,87022000.0,6.7360000000000015,303222000.0,64975000.0,-30389000.0,78319000.0,3.492,101780000.0
CNVR,ART,2009-06-30,2009-08-07,2009-06-30,2017-06-07,-11498000.0,565883000.0,629425250.0,232498000.0,333385000.0,0.8759999999999999,4.529,-4446000.0,135205000.0,135205000.0,181033000.0,-221679000.0,2.419,0.435,0.0,0.0,0.0,0.0,1453000.0,35460000.0,0.0,0.0,0.0,-255125000.0,-219665000.0,-0.398,-219665000.0,-255125000.0,-255125000.0,-2.37,-2.37,-2.37,394320000.0,434477000.0,394320000.0,810404605.0,-3.0,-3.689,125696000.0,1.444,1.0,370313000.0,0.672,240421000.0,0.0,94135000.0,79908000.0,0.0,23498000.0,0.0,23498000.0,171563000.0,96122000.0,75441000.0,945609605.0,33931000.0,-50950000.0,-98323000.0,0.0,0.0,-97960000.0,8052000.0,63448000.0,130142000.0,-6303000.0,-221679000.0,-221679000.0,-221679000.0,-4376000.0,0.0,-0.402,628552000.0,-258239000.0,94005000.0,0.0,2.398,-4.266,-4.578,13120000.0,0.0,10.85,1.715,1.713,74657000.0,-207947000.0,551346000.0,551346000.0,34135000.0,-0.35200000000000004,-0.51,-3.193,-0.463,47365000.0,246535000.0,1.0,87152959.0,87071000.0,87645000.0,6.332000000000002,325462000.0,71135000.0,-33446000.0,76105000.0,3.738,136376000.0
CNVR,ART,2009-09-30,2009-11-09,2009-09-30,2017-06-07,-9308000.0,583527000.0,575203500.0,255466000.0,328061000.0,0.919,4.875,-4244000.0,159041000.0,159041000.0,166357000.0,-198648000.0,2.648,0.373,0.0,0.0,0.0,0.0,1405000.0,34157000.0,0.0,0.0,0.0,-221503000.0,-187346000.0,-0.354,-187346000.0,-221503000.0,-221503000.0,-2.11,-2.11,-2.11,425104000.0,385188250.0,425104000.0,731894136.0,-3.0,-3.907,118179000.0,1.355,1.0,362250000.0,0.685,236073000.0,0.0,91933000.0,82599500.0,0.0,23498000.0,0.0,23498000.0,158423000.0,96480000.0,61943000.0,890935136.0,72323000.0,-50950000.0,1181000.0,0.0,0.0,1518000.0,-48603000.0,6591000.0,122423000.0,-3015000.0,-198648000.0,-198648000.0,-198648000.0,-4376000.0,0.0,-0.376,586720000.0,-224470000.0,94445000.0,0.0,2.096,-4.485,-4.9289999999999985,12933000.0,0.0,10.4,1.685,1.715,78382000.0,-182917000.0,528607000.0,528607000.0,28787000.0,-0.345,-0.516,-2.682,-0.419,9846000.0,210836000.0,1.0,85666840.0,87194000.0,87790000.0,6.062,347454000.0,66619000.0,-22855000.0,62573000.0,3.985,158986000.0
CNVR,ART,2009-12-31,2010-02-26,2009-12-31,2017-06-07,-9857000.0,566562000.0,566024250.0,258935000.0,307627000.0,0.747,4.688,-4625000.0,158497000.0,158497000.0,116509000.0,68616000.0,2.631,0.394,0.0,0.0,0.0,0.0,1150000.0,33576000.0,0.0,0.0,0.0,89880000.0,123456000.0,0.292,123456000.0,89880000.0,89880000.0,0.79,0.79,0.79,406489000.0,398440750.0,406489000.0,634196968.0,7.0,5.1370000000000005,119111000.0,1.374,1.0,306214000.0,0.7240000000000001,195841000.0,0.0,113820000.0,98164000.0,0.0,22026000.0,0.0,22026000.0,160073000.0,98404000.0,61669000.0,792693968.0,36010000.0,-62696000.0,-32234000.0,0.0,0.0,-32059000.0,-58988000.0,8333000.0,123736000.0,3321000.0,68616000.0,68616000.0,68616000.0,-7047000.0,0.0,0.162,223683000.0,82531000.0,91703000.0,0.0,1.95,11.553,12.013,11272000.0,0.0,9.49,1.875,1.947,68484000.0,-167420000.0,422723000.0,422723000.0,25050000.0,0.121,0.172,0.916,0.213,8614000.0,178830000.0,1.0,83529396.0,86716000.0,87210000.0,4.875,370721000.0,66967000.0,21264000.0,62814000.0,4.275,160531000.0
CNVR,ART,2010-03-31,2010-05-10,2010-03-31,2017-06-07,-13278000.0,553934000.0,567476500.0,238409000.0,315525000.0,0.6759999999999999,4.85,-6343000.0,159669000.0,159669000.0,98061000.0,76628000.0,2.685,0.378,0.0,0.0,0.0,0.0,1116000.0,31714000.0,0.0,0.0,0.0,95794000.0,127508000.0,0.333,127508000.0,95794000.0,95794000.0,0.9,0.89,0.9,401986000.0,406974750.0,401986000.0,633254430.0,6.0,4.966,107091000.0,1.2919999999999998,1.0,285303000.0,0.7440000000000001,190592000.0,0.0,114891000.0,103694750.0,0.0,22026000.0,0.0,22026000.0,151948000.0,88782000.0,63166000.0,792923430.0,55181000.0,-1934000.0,-57678000.0,0.0,0.0,-57515000.0,-2121000.0,6156000.0,113434000.0,1383000.0,76628000.0,76628000.0,76628000.0,-6913000.0,0.0,0.2,207489000.0,77814000.0,86351000.0,0.0,1.973,10.348,10.833,12151000.0,0.0,9.75,2.068,2.108,90873000.0,-146191000.0,383364000.0,383364000.0,25308000.0,0.135,0.188,0.924,0.25,7981000.0,163664000.0,1.0,81325480.0,82892000.0,83496000.0,4.625,363342000.0,70421000.0,19166000.0,64481000.0,4.383,149627000.0
CNVR,ART,2010-06-30,2010-08-06,2010-06-30,2017-06-07,-17867000.0,567048000.0,567767750.0,261433000.0,305615000.0,0.621,5.058,-4056000.0,171747000.0,171747000.0,85558000.0,73798000.0,2.8760000000000003,0.375,0.0,0.0,0.0,0.0,1732000.0,29831000.0,0.0,0.0,0.0,92162000.0,121993000.0,0.34600000000000003,121993000.0,92162000.0,92162000.0,0.88,0.87,0.88,412477000.0,411514000.0,412477000.0,727308896.0,7.0,5.9620000000000015,96558000.0,1.1840000000000002,1.0,267043000.0,0.757,184223000.0,0.0,120182000.0,110206500.0,0.0,22026000.0,0.0,22026000.0,154571000.0,90896000.0,63675000.0,899055896.0,36542000.0,0.0,-56995000.0,0.0,0.0,-56502000.0,-1806000.0,2250000.0,100614000.0,-5764000.0,73798000.0,73798000.0,73798000.0,-6913000.0,0.0,0.209,194103000.0,72940000.0,87759000.0,0.0,2.18,12.183,12.489,9301000.0,0.0,10.99,2.55,2.542,94195000.0,-134149000.0,352601000.0,352601000.0,26292000.0,0.13,0.179,0.836,0.261,7230000.0,150645000.0,1.0,81806724.0,81551000.0,82212000.0,4.324,382825000.0,76668000.0,18364000.0,65080000.0,4.694,170537000.0
CNVR,ART,2010-09-30,2010-11-08,2010-09-30,2017-06-07,-4651000.0,582353000.0,567474250.0,261947000.0,320406000.0,0.58,5.556,-5485000.0,147494000.0,147494000.0,75018000.0,84945000.0,2.826,0.29,0.0,0.0,0.0,0.0,1184000.0,28476000.0,0.0,0.0,0.0,92144000.0,120620000.0,0.366,120620000.0,92144000.0,89461000.0,1.04,1.02,1.04,451291000.0,418060750.0,451291000.0,1104839546.0,11.0,9.16,91513000.0,1.127,1.0,254190000.0,0.772,222108000.0,2683000.0,120055000.0,117237000.0,0.0,16486000.0,16486000.0,0.0,131062000.0,92696000.0,38366000.0,1252333546.0,-11547000.0,-41673000.0,-70650000.0,0.0,0.0,-70159000.0,-36657000.0,10501000.0,96998000.0,-1729000.0,84945000.0,84945000.0,84945000.0,-6913000.0,0.0,0.258,181781000.0,72409000.0,89749000.0,0.0,2.775,14.743,14.913,11252000.0,0.0,15.51,3.804,3.827,103451000.0,-97972000.0,329208000.0,329208000.0,28162000.0,0.15,0.203,0.7859999999999999,0.28,6744000.0,137431000.0,1.0,80743620.0,81228000.0,81814000.0,4.053,360245000.0,73148000.0,4516000.0,40129000.0,4.435,169251000.0
CNVR,ART,2010-12-31,2011-02-28,2010-12-31,2017-06-07,-6389000.0,613567000.0,579225500.0,302525000.0,311042000.0,0.7440000000000001,5.791,-7416000.0,194317000.0,194317000.0,116802000.0,90510000.0,2.93,0.298,0.0,0.0,0.0,0.0,0.0,27231000.0,0.0,0.0,0.0,104630000.0,131861000.0,0.306,131861000.0,104630000.0,104630000.0,1.11,1.1,1.11,472641000.0,434598750.0,472641000.0,1015727266.0,9.0,7.7029999999999985,89521000.0,1.097,1.0,313996000.0,0.7290000000000001,216743000.0,0.0,99249000.0,113594250.0,0.0,3000000.0,3000000.0,0.0,140926000.0,103258000.0,37668000.0,1210044266.0,35820000.0,-41661000.0,-34353000.0,0.0,0.0,-33797000.0,-24658000.0,24419000.0,96937000.0,-2662000.0,90510000.0,90510000.0,90510000.0,-9906000.0,0.0,0.21,221476000.0,92520000.0,100974000.0,0.0,2.56,13.369000000000002,13.45,12414000.0,0.0,14.93,2.809,2.8280000000000003,118005000.0,-76910000.0,430798000.0,430798000.0,35047000.0,0.156,0.208,0.921,0.243,5971000.0,165818000.0,1.0,81047841.0,81615000.0,82334000.0,5.278,396824000.0,62142000.0,14120000.0,37668000.0,4.862,199267000.0
IPG,ART,2008-03-31,2008-04-30,2008-03-31,2018-10-25,-74900000.0,11783800000.0,11868425000.0,6942500000.0,4841300000.0,0.563,5.0680000000000005,-151500000.0,1491200000.0,1491200000.0,4215200000.0,230700000.0,1.078,4.063,2153600000.0,103300000.0,2050300000.0,2153600000.0,0.0,177300000.0,0.0,0.0,0.0,531000000.0,708300000.0,0.106,708300000.0,531000000.0,291600000.0,0.42,0.36,0.42,2327400000.0,2177425000.0,2327400000.0,4933509083.0,9.0,6.965,241100000.0,0.525,1.0,2465100000.0,0.369,3265400000.0,239400000.0,2742500000.0,2645475000.0,0.0,21100000.0,21100000.0,0.0,9456400000.0,6438300000.0,3018100000.0,4271109083.0,24300000.0,-86200000.0,-1400000.0,-169700000.0,0.0,-213700000.0,-230700000.0,1900000.0,392600000.0,76100000.0,230700000.0,185800000.0,185800000.0,0.0,0.0,0.028,2054400000.0,410700000.0,3978900000.0,0.0,1.835,22.988000000000003,21.548,616800000.0,44900000.0,9.05,0.639,0.622,5072700000.0,-803900000.0,6680300000.0,6680300000.0,0.0,0.016,0.085,0.201,0.079,79900000.0,2024700000.0,1.0,471945755.0,459200000.0,459200000.0,14.548,8518400000.0,535000000.0,60900000.0,0.0,18.551,504200000.0
IPG,ART,2008-06-30,2008-07-30,2008-06-30,2018-10-25,-82400000.0,12207000000.0,12028650000.0,7424100000.0,4782900000.0,0.5710000000000001,5.261,-139900000.0,1831000000.0,1831000000.0,4308700000.0,188800000.0,1.095,4.039,2137600000.0,91800000.0,2045800000.0,2137600000.0,0.0,179600000.0,0.0,0.0,0.0,575700000.0,755300000.0,0.11,755300000.0,575700000.0,340200000.0,0.34,0.29,0.34,2422600000.0,2284125000.0,2422600000.0,4361376226.0,8.0,5.774,608800000.0,1.3219999999999998,1.0,2554600000.0,0.3720000000000001,3272600000.0,235500000.0,2460200000.0,2556325000.0,0.0,25000000.0,25000000.0,0.0,9784400000.0,6780800000.0,3003600000.0,4054776226.0,610500000.0,-25900000.0,0.0,-210500000.0,0.0,-259800000.0,36600000.0,200600000.0,748700000.0,85000000.0,188800000.0,152400000.0,152400000.0,0.0,0.0,0.022,2088900000.0,465700000.0,4138400000.0,0.0,1.6740000000000002,26.606,25.029,598600000.0,36400000.0,8.51,0.591,0.5710000000000001,5224900000.0,-708800000.0,6863300000.0,6863300000.0,0.0,0.013,0.067,0.225,0.084,90000000.0,2049900000.0,1.0,476471942.0,460500000.0,516000000.0,14.904000000000002,8934400000.0,491800000.0,151400000.0,0.0,19.402,643300000.0
IPG,ART,2008-09-30,2008-10-28,2008-09-30,2018-10-25,-156000000.0,12097300000.0,12136550000.0,7241600000.0,4855700000.0,0.58,5.21,-134000000.0,1689800000.0,1689800000.0,4367500000.0,256400000.0,1.083,4.017,2125000000.0,81900000.0,2043100000.0,2125000000.0,0.0,180100000.0,0.0,0.0,0.0,636100000.0,816200000.0,0.116,816200000.0,636100000.0,407500000.0,0.48,0.43,0.48,2411100000.0,2373325000.0,2411100000.0,3075232010.0,5.0,3.768,530000000.0,1.145,1.0,2675900000.0,0.38,3325000000.0,228600000.0,2522700000.0,2541400000.0,0.0,17800000.0,17800000.0,0.0,9686200000.0,6684800000.0,3001400000.0,2640032010.0,259700000.0,-81300000.0,0.0,-199000000.0,0.0,-257500000.0,-169700000.0,43600000.0,664000000.0,22900000.0,256400000.0,219900000.0,219900000.0,0.0,0.0,0.031,2145000000.0,530900000.0,3979300000.0,0.0,1.095,12.005999999999998,11.542,571800000.0,36500000.0,5.54,0.375,0.364,5232500000.0,-663100000.0,7043400000.0,7043400000.0,0.0,0.018000000000000002,0.093,0.25,0.09,88800000.0,2107300000.0,1.0,476540074.0,462800000.0,519400000.0,15.219,8772300000.0,474600000.0,151100000.0,0.0,18.955,556800000.0
IPG,ART,2008-12-31,2009-02-27,2008-12-31,2018-10-25,-318500000.0,12125200000.0,12053325000.0,7487600000.0,4637600000.0,0.578,5.34,-138400000.0,2107200000.0,2107200000.0,4342600000.0,295000000.0,1.089,3.898,2119700000.0,332800000.0,1786900000.0,2119700000.0,0.0,173300000.0,0.0,0.0,0.0,663500000.0,836800000.0,0.12,836800000.0,663500000.0,451600000.0,0.57,0.52,0.57,2475600000.0,2409175000.0,2475600000.0,1827664536.0,3.0,2.184,726900000.0,1.575,1.0,2620100000.0,0.376,3220900000.0,211900000.0,2039800000.0,2441300000.0,0.0,167700000.0,167700000.0,0.0,9649600000.0,6877000000.0,2772600000.0,1815164536.0,92300000.0,-78100000.0,0.0,-225500000.0,0.0,-275800000.0,-404300000.0,-189900000.0,865300000.0,-92900000.0,295000000.0,265200000.0,265200000.0,0.0,0.0,0.038,2030400000.0,589700000.0,4022600000.0,0.0,0.733,6.845,6.684,561500000.0,29800000.0,3.81,0.261,0.253,4846000000.0,-446100000.0,6962700000.0,6962700000.0,0.0,0.022,0.11,0.272,0.095,80100000.0,2013300000.0,1.0,476421138.0,461500000.0,518300000.0,15.087,8904300000.0,416800000.0,156600000.0,0.0,19.207,610600000.0
IPG,ART,2009-03-31,2009-04-28,2009-03-31,2018-10-25,-343000000.0,10929700000.0,11839800000.0,6269300000.0,4660400000.0,0.575,4.563,-118200000.0,1642000000.0,1642000000.0,4274300000.0,284200000.0,1.083,4.016,2109100000.0,327200000.0,1781900000.0,2109100000.0,0.0,172000000.0,0.0,0.0,0.0,634700000.0,806700000.0,0.119,806700000.0,634700000.0,445700000.0,0.56,0.49,0.56,2117400000.0,2356675000.0,2117400000.0,3280032847.0,5.0,4.066,477800000.0,1.03,1.0,2528500000.0,0.3720000000000001,3243000000.0,189000000.0,2364700000.0,2346850000.0,0.0,16500000.0,16500000.0,0.0,8502700000.0,5789100000.0,2713600000.0,2812932847.0,150800000.0,-77700000.0,0.0,-29400000.0,0.0,-84600000.0,-231500000.0,-37700000.0,596000000.0,-129100000.0,290800000.0,261400000.0,261400000.0,0.0,-6600000.0,0.038,1962900000.0,565600000.0,3350700000.0,0.0,1.328,10.761,10.5,529500000.0,29400000.0,5.88,0.413,0.401,4231600000.0,-513100000.0,6802800000.0,6802800000.0,0.0,0.022,0.111,0.27,0.093,69600000.0,1949200000.0,1.0,478389940.0,464000000.0,464000000.0,14.661,7686700000.0,453100000.0,154900000.0,0.0,16.566,480200000.0
IPG,ART,2009-06-30,2009-07-28,2009-06-30,2018-10-25,-263900000.0,11065100000.0,11554325000.0,6354400000.0,4710700000.0,0.557,4.765,-107300000.0,1760500000.0,1760500000.0,4139500000.0,220500000.0,1.11,3.838,2038400000.0,137300000.0,1901100000.0,2038400000.0,0.0,171500000.0,0.0,0.0,0.0,484100000.0,655600000.0,0.102,655600000.0,484100000.0,303000000.0,0.41,0.36,0.41,2225600000.0,2307425000.0,2225600000.0,2907763642.0,6.0,4.435,322700000.0,0.691,1.0,2302000000.0,0.35700000000000004,3298000000.0,181100000.0,2322500000.0,2312425000.0,0.0,10900000.0,10900000.0,0.0,8542300000.0,5722500000.0,2819800000.0,2629863642.0,-70500000.0,-91000000.0,0.0,-113100000.0,0.0,-186800000.0,-222900000.0,-25100000.0,430000000.0,-90800000.0,223500000.0,194200000.0,194200000.0,0.0,-3000000.0,0.03,1840100000.0,461900000.0,3380400000.0,0.0,1.182,13.542,13.195,521800000.0,29300000.0,5.41,0.408,0.392,4227300000.0,-485300000.0,6441500000.0,6441500000.0,0.0,0.017,0.084,0.209,0.075,61900000.0,1830500000.0,1.0,486111579.0,467100000.0,507500000.0,13.79,7767100000.0,447300000.0,79500000.0,0.0,16.628,631900000.0
IPG,ART,2009-09-30,2009-10-28,2009-09-30,2018-10-25,-199400000.0,10978300000.0,11274575000.0,6282200000.0,4696100000.0,0.544,4.935,-99300000.0,1761500000.0,1761500000.0,3989500000.0,200700000.0,1.121,3.602,1955100000.0,88200000.0,1866900000.0,1955100000.0,0.0,169300000.0,0.0,0.0,0.0,415300000.0,584600000.0,0.095,584600000.0,415300000.0,249600000.0,0.37,0.31,0.37,2321900000.0,2285125000.0,2321900000.0,3090864013.0,7.0,5.287000000000001,421400000.0,0.8959999999999999,1.0,2138700000.0,0.349,3310200000.0,165700000.0,2259200000.0,2246550000.0,0.0,10600000.0,10600000.0,0.0,8362500000.0,5602500000.0,2760000000.0,2897264013.0,71700000.0,-55900000.0,0.0,-206500000.0,0.0,-275300000.0,-158700000.0,-8300000.0,520700000.0,-15000000.0,201900000.0,172700000.0,172700000.0,0.0,-1200000.0,0.028,1734800000.0,403900000.0,3283500000.0,0.0,1.248,16.776,16.108,503200000.0,29200000.0,5.96,0.473,0.458,4202800000.0,-461200000.0,6128200000.0,6128200000.0,0.0,0.015,0.076,0.185,0.068,53400000.0,1729600000.0,1.0,486118123.0,470500000.0,513800000.0,13.025,7668100000.0,438900000.0,47700000.0,0.0,16.298,679700000.0
IPG,ART,2009-12-31,2010-02-26,2009-12-31,2018-10-25,-176600000.0,12263100000.0,11309050000.0,7637700000.0,4625400000.0,0.5329999999999999,5.3039999999999985,-67100000.0,2495200000.0,2495200000.0,3961200000.0,143400000.0,1.106,3.783,1946600000.0,308600000.0,1638000000.0,1946600000.0,0.0,169900000.0,0.0,0.0,0.0,367000000.0,536900000.0,0.08900000000000001,536900000.0,367000000.0,211400000.0,0.2,0.19,0.2,2497700000.0,2290650000.0,2497700000.0,3095403490.0,8.0,5.765,473700000.0,1.012,1.0,2066400000.0,0.343,3321000000.0,155600000.0,1487900000.0,2108575000.0,0.0,10900000.0,10900000.0,0.0,9449000000.0,6905600000.0,2543400000.0,3644003490.0,388000000.0,-61300000.0,0.0,-191000000.0,0.0,-267000000.0,29400000.0,156600000.0,540800000.0,84800000.0,121300000.0,93600000.0,93600000.0,0.0,22100000.0,0.016,1725100000.0,341300000.0,4003900000.0,0.0,1.459,38.932,37.5,490100000.0,27700000.0,7.5,0.605,0.583,4856600000.0,-324800000.0,6027600000.0,6027600000.0,0.0,0.008,0.041,0.174,0.061,49500000.0,1720500000.0,1.0,485867132.0,468200000.0,508100000.0,12.874,8942100000.0,398300000.0,90100000.0,0.0,18.989,732100000.0
IPG,ART,2010-03-31,2010-04-29,2010-03-31,2018-10-25,-190700000.0,11389400000.0,11423975000.0,6776700000.0,4612700000.0,0.529,5.143,-64800000.0,1928800000.0,1928800000.0,3944000000.0,146700000.0,1.097,3.577,1936300000.0,301800000.0,1634500000.0,1936300000.0,0.0,165500000.0,0.0,0.0,0.0,377300000.0,542800000.0,0.09,542800000.0,377300000.0,223900000.0,0.21,0.19,0.21,2423900000.0,2367275000.0,2423900000.0,4656010930.0,12.0,8.578,477800000.0,1.014,1.0,2099600000.0,0.34700000000000003,3306100000.0,153400000.0,1916100000.0,1996425000.0,0.0,12700000.0,12700000.0,0.0,8669800000.0,6174700000.0,2495100000.0,4648510930.0,286800000.0,-23200000.0,0.0,-191000000.0,0.0,-267300000.0,-83400000.0,4300000.0,542600000.0,94900000.0,123700000.0,96000000.0,96000000.0,0.0,23000000.0,0.016,1735800000.0,363800000.0,3607300000.0,0.0,1.918,48.422,45.238,460600000.0,27700000.0,9.5,0.769,0.741,4539100000.0,-389400000.0,6043600000.0,6043600000.0,0.0,0.008,0.041,0.189,0.062,53900000.0,1730700000.0,1.0,489316940.0,471300000.0,471300000.0,12.823,8083300000.0,428100000.0,100200000.0,0.0,17.151,602000000.0
IPG,ART,2010-06-30,2010-07-29,2010-06-30,2018-10-25,-240800000.0,11704600000.0,11583850000.0,7180800000.0,4523800000.0,0.534,4.587,-67700000.0,1929900000.0,1929900000.0,3966600000.0,198400000.0,1.0659999999999998,4.253,1913900000.0,285900000.0,1628000000.0,1913900000.0,0.0,159600000.0,0.0,0.0,0.0,481500000.0,641100000.0,0.104,641100000.0,481500000.0,338200000.0,0.39,0.3,0.39,2169700000.0,2353300000.0,2169700000.0,4373610595.0,9.0,6.822,594300000.0,1.256,1.0,2220400000.0,0.359,3278300000.0,143300000.0,1674600000.0,1834450000.0,0.0,12500000.0,12500000.0,0.0,9227400000.0,6735700000.0,2491700000.0,4389610595.0,169400000.0,-7200000.0,0.0,-112000000.0,0.0,-432900000.0,-76600000.0,-2500000.0,662000000.0,16900000.0,178400000.0,180400000.0,180400000.0,0.0,20000000.0,0.029,1776300000.0,444100000.0,4004800000.0,0.0,2.023,24.333,23.026,440400000.0,-2000000.0,8.98,0.7090000000000001,0.687,4956000000.0,-306900000.0,6187000000.0,6187000000.0,0.0,0.016,0.077,0.262,0.078,51200000.0,1770600000.0,1.0,488820779.0,473000000.0,544900000.0,13.08,8426300000.0,377200000.0,159800000.0,0.0,17.815,445100000.0
IPG,ART,2010-09-30,2010-10-29,2010-09-30,2018-10-25,-161800000.0,11950600000.0,11826925000.0,7315800000.0,4634800000.0,0.534,4.837,-73100000.0,1927700000.0,1927700000.0,4030200000.0,218100000.0,1.064,4.072,1944200000.0,355300000.0,1588900000.0,1944200000.0,0.0,154900000.0,0.0,0.0,0.0,520300000.0,675200000.0,0.107,675200000.0,520300000.0,380100000.0,0.44,0.35,0.44,2296100000.0,2346850000.0,2296100000.0,5074911193.0,10.0,7.516,504400000.0,1.063,1.0,2290900000.0,0.362,3350400000.0,140200000.0,1743700000.0,1705575000.0,0.0,11300000.0,11300000.0,0.0,9349600000.0,6873000000.0,2476600000.0,5058411193.0,166200000.0,-22100000.0,0.0,8600000.0,0.0,-332100000.0,-101500000.0,-1500000.0,577500000.0,22300000.0,199600000.0,205600000.0,205600000.0,0.0,18500000.0,0.033,1804900000.0,486000000.0,3967800000.0,0.0,2.2030000000000003,24.603,23.523000000000003,441100000.0,-6000000.0,10.35,0.8,0.777,5134800000.0,-261600000.0,6321100000.0,6321100000.0,0.0,0.017,0.08800000000000001,0.305,0.08199999999999999,50300000.0,1797300000.0,1.0,488735381.0,474700000.0,533600000.0,13.316,8600200000.0,396500000.0,180500000.0,0.0,18.117,442800000.0
IPG,ART,2010-12-31,2011-02-25,2010-12-31,2018-10-25,-119000000.0,13070800000.0,12028850000.0,8453500000.0,4617300000.0,0.5429999999999999,5.32,-96300000.0,2675700000.0,2675700000.0,4117000000.0,281200000.0,1.092,4.038,1737000000.0,153700000.0,1583300000.0,1737000000.0,0.0,148400000.0,0.0,0.0,0.0,572100000.0,720500000.0,0.11,720500000.0,572100000.0,432400000.0,0.57,0.47,0.57,2529000000.0,2354675000.0,2529000000.0,5210542441.0,9.0,7.232,721000000.0,1.5219999999999998,1.0,2414900000.0,0.37,3368500000.0,139700000.0,1022700000.0,1589275000.0,0.0,13700000.0,13700000.0,0.0,10212700000.0,7740900000.0,2471800000.0,6149242441.0,180500000.0,-8300000.0,0.0,-199900000.0,0.0,-547700000.0,-108500000.0,-4700000.0,817300000.0,19400000.0,261100000.0,271200000.0,271200000.0,0.0,20100000.0,0.042,1866200000.0,548700000.0,4474500000.0,0.0,2.431,22.674,22.053,454300000.0,-10100000.0,12.57,0.941,0.911,5534700000.0,-63700000.0,6531900000.0,6531900000.0,0.0,0.023,0.115,0.36,0.08800000000000001,50000000.0,1862300000.0,1.0,489199876.0,473600000.0,542100000.0,13.792,9702300000.0,334200000.0,171300000.0,0.0,20.409,712600000.0
RLOC,ART,2010-03-31,2010-05-18,2010-03-31,2017-04-14,-116000.0,101531000.0,,45661000.0,55870000.0,,5.9289999999999985,,33926000.0,33926000.0,,,0.769,1.4580000000000002,0.0,0.0,0.0,0.0,19151000.0,,0.0,,0.0,,,,,,,,,,41313000.0,,41313000.0,,,,,,1.0,,,44358000.0,,-36126000.0,,0.0,8052000.0,8052000.0,0.0,60218000.0,59373000.0,845000.0,,,,,,,,,,,,,,,,,,,,22560000.0,,,,,4917000.0,,,,,3359000.0,-7151000.0,,,,,,,,,,1.0,,6968000.0,,,57173000.0,0.0,,0.0,8.205,-13712000.0
RLOC,ART,2010-06-30,2010-08-13,2010-06-30,2017-04-14,-143000.0,143185000.0,,89856000.0,53329000.0,,3.242,,76901000.0,76901000.0,,,1.523,0.7240000000000001,0.0,0.0,0.0,0.0,21399000.0,,0.0,0.0,0.0,,,,,,,,,,83073000.0,,83073000.0,286776873.0,,,,,1.0,,,45901000.0,,-38628000.0,,0.0,8060000.0,8060000.0,0.0,60112000.0,59011000.0,1101000.0,363677873.0,,,,,,,,,,,,,,,,,,,25284000.0,,4.378,,,5282000.0,,13.07,,,3898000.0,-9545000.0,,,,,,,,,,1.0,27825392.0,25621000.0,,,97284000.0,0.0,,0.0,3.797,30845000.0
RLOC,ART,2010-09-30,2010-11-04,2010-09-30,2017-04-14,-149000.0,138797000.0,,84001000.0,54796000.0,,2.963,,70995000.0,70995000.0,,,1.529,0.682,0.0,0.0,0.0,0.0,23520000.0,,0.0,0.0,0.0,,,,,,,,,,82512000.0,,82512000.0,418160822.0,,,,,1.0,,,46988000.0,,-34118000.0,,0.0,8114000.0,8114000.0,0.0,56285000.0,54932000.0,1353000.0,489155822.0,,,,,,,,,,,,,,,,,,,18358000.0,,5.928,,,5628000.0,,17.53,,,3459000.0,-12416000.0,,,,,,,,,,1.0,27903926.0,27848000.0,,,91809000.0,0.0,,0.0,3.297,29069000.0
RLOC,ART,2010-12-31,2011-03-28,2010-12-31,2017-04-14,7000.0,150580000.0,133523250.0,93785000.0,56795000.0,2.185,4.128,-9929000.0,80707000.0,80707000.0,159019000.0,-11147000.0,1.402,0.836,0.0,0.0,0.0,0.0,24656000.0,6704000.0,0.0,0.0,0.0,-11687000.0,-4983000.0,-0.017,-4983000.0,-11687000.0,-11687000.0,-0.56,-0.56,-0.56,82016000.0,72228500.0,82016000.0,491660156.0,-42.0,-98.668,7746000.0,0.39,1.0,132670000.0,0.455,47884000.0,0.0,-44902000.0,-38443500.0,0.0,8208000.0,8208000.0,0.0,68564000.0,66891000.0,1673000.0,572367156.0,44527000.0,-8612000.0,48717000.0,0.0,0.0,44097000.0,-18327000.0,418000.0,17675000.0,1082000.0,-11147000.0,-11147000.0,-11147000.0,0.0,0.0,-0.038,144958000.0,-12288000.0,27471000.0,0.0,6.979,-51.347,-35.571,6710000.0,0.0,19.92,1.962,1.357,3295000.0,-16044000.0,291689000.0,291689000.0,11239000.0,-0.083,-0.154,0.304,-0.04,5768000.0,133719000.0,1.0,28733291.0,19867000.0,19867000.0,14.682,102696000.0,0.0,-540000.0,0.0,5.169,26894000.0
RLOC,ART,2011-03-31,2011-05-16,2011-03-31,2017-04-14,88000.0,158527000.0,147772250.0,90443000.0,68084000.0,2.112,2.98,-12180000.0,77276000.0,77276000.0,168680000.0,-12340000.0,1.255,0.8690000000000001,0.0,0.0,0.0,0.0,27347000.0,7949000.0,0.0,0.0,0.0,-12076000.0,-4127000.0,-0.013,-4127000.0,-12076000.0,-12076000.0,-0.43,-0.43,-0.43,84813000.0,83103500.0,84813000.0,574651728.0,-47.0,-139.24200000000002,6995000.0,0.246,1.0,143441000.0,0.46,58325000.0,0.0,-49130000.0,-41694500.0,0.0,8212000.0,8212000.0,0.0,73714000.0,72056000.0,1658000.0,651927728.0,43623000.0,-11652000.0,50516000.0,0.0,0.0,46795000.0,-23664000.0,372000.0,19175000.0,1317000.0,-12340000.0,-12340000.0,-12340000.0,0.0,0.0,-0.04,156324000.0,-12883000.0,28443000.0,0.0,7.687,-52.83,-52.14,7566000.0,0.0,22.42,2.089,2.044,3533000.0,-19491000.0,312121000.0,312121000.0,12434000.0,-0.084,-0.14800000000000002,0.29,-0.039,6461000.0,143890000.0,1.0,29077954.0,28461000.0,28461000.0,10.967,100202000.0,0.0,264000.0,0.0,3.5210000000000004,18387000.0
RLOC,ART,2011-06-30,2011-08-04,2011-06-30,2017-04-14,128000.0,167883000.0,153946750.0,98655000.0,69228000.0,2.173,3.083,-12575000.0,86458000.0,86458000.0,176831000.0,-10895000.0,1.305,0.875,0.0,0.0,0.0,0.0,28169000.0,9328000.0,0.0,0.0,0.0,-10693000.0,-1365000.0,-0.004,-1365000.0,-10693000.0,-10693000.0,-0.37,-0.37,-0.37,89544000.0,84721250.0,89544000.0,402049191.0,-37.0,-294.5420000000001,8479000.0,0.292,1.0,157680000.0,0.471,58770000.0,0.0,-52960000.0,-45277500.0,0.0,8212000.0,8212000.0,0.0,78339000.0,75615000.0,2724000.0,488507191.0,9644000.0,-11652000.0,5807000.0,0.0,0.0,5003000.0,-18443000.0,300000.0,21054000.0,2030000.0,-10895000.0,-10895000.0,-10895000.0,0.0,0.0,-0.033,169136000.0,-11456000.0,28714000.0,0.0,5.455,-44.838,-45.162,8163000.0,0.0,16.71,1.46,1.4509999999999998,3105000.0,-20440000.0,334511000.0,334511000.0,13917000.0,-0.071,-0.129,0.236,-0.032,7330000.0,155219000.0,1.0,29234422.0,29043000.0,29043000.0,11.518,109113000.0,0.0,202000.0,0.0,3.757,23040000.0